@article{Doe2009,
  author = {J. Doe and A. N. Other},
  title = {{A very important paper with wide implications for all Live+Gov activities}},
  journal = {Journal of Very Important Results},
  volume = {Vol. 2, Issue 35}
  year = {2012},
  pages ={350-380}
}
